@article{hochreiter1997long,
  title={Long short-term memory},
  author={Hochreiter, Sepp and Schmidhuber, J{\"u}rgen},
  journal={Neural computation},
  volume={9},
  number={8},
  pages={1735--1780},
  year={1997},
  publisher={MIT press}
}

@article{taylor2018forecasting,
  title={Forecasting at scale},
  author={Taylor, Sean J and Letham, Benjamin},
  journal={The American Statistician},
  volume={72},
  number={1},
  pages={37--45},
  year={2018},
  publisher={Taylor \& Francis}
}

@article{kalman1960new,
  title={A new approach to linear filtering and prediction problems},
  author={Kalman, Rudolph Emil},
  year={1960}
}

% for ARIMA
@book{box2015time,
  title={Time series analysis: forecasting and control},
  author={Box, George EP and Jenkins, Gwilym M and Reinsel, Gregory C and Ljung, Greta M},
  year={2015},
  publisher={John Wiley \& Sons}
}

% for AIC
@article{akaike1974new,
  title={A new look at the statistical model identification},
  author={Akaike, Hirotugu},
  journal={IEEE transactions on automatic control},
  volume={19},
  number={6},
  pages={716--723},
  year={1974},
  publisher={Ieee}
}

% for the Efficient Market Hypothesis
@article{fama1970efficient,
  title={Efficient capital markets},
  author={Fama, Eugene F},
  journal={Journal of finance},
  volume={25},
  number={2},
  pages={383--417},
  year={1970}
}